%YAML 1.1
%TAG !u! tag:unity3d.com,2011:
--- !u!1 &3937792496856686015
GameObject:
  m_ObjectHideFlags: 0
  m_CorrespondingSourceObject: {fileID: 0}
  m_PrefabInstance: {fileID: 0}
  m_PrefabAsset: {fileID: 0}
  serializedVersion: 6
  m_Component:
  - component: {fileID: 3937792496856685953}
  - component: {fileID: 3937792496856685952}
  - component: {fileID: 3937792496856685955}
  - component: {fileID: 3937792496856686013}
  - component: {fileID: 3937792496856686012}
  m_Layer: 0
  m_Name: Cam
  m_TagString: MainCamera
  m_Icon: {fileID: 0}
  m_NavMeshLayer: 0
  m_StaticEditorFlags: 0
  m_IsActive: 1
--- !u!4 &3937792496856685953
Transform:
  m_ObjectHideFlags: 0
  m_CorrespondingSourceObject: {fileID: 0}
  m_PrefabInstance: {fileID: 0}
  m_PrefabAsset: {fileID: 0}
  m_GameObject: {fileID: 3937792496856686015}
  m_LocalRotation: {x: -0.061530884, y: 0.19105166, z: 0.011797225, w: 0.97957855}
  m_LocalPosition: {x: -3.4704266, y: 24.892855, z: -25.745586}
  m_LocalScale: {x: 1, y: 1, z: 1}
  m_Children: []
  m_Father: {fileID: 0}
  m_RootOrder: 0
  m_LocalEulerAnglesHint: {x: -1.512, y: 0, z: -0.009}
--- !u!20 &3937792496856685952
Camera:
  m_ObjectHideFlags: 0
  m_CorrespondingSourceObject: {fileID: 0}
  m_PrefabInstance: {fileID: 0}
  m_PrefabAsset: {fileID: 0}
  m_GameObject: {fileID: 3937792496856686015}
  m_Enabled: 1
  serializedVersion: 2
  m_ClearFlags: 1
  m_BackGroundColor: {r: 0.19215687, g: 0.3019608, b: 0.4745098, a: 0}
  m_projectionMatrixMode: 1
  m_GateFitMode: 2
  m_FOVAxisMode: 0
  m_SensorSize: {x: 36, y: 24}
  m_LensShift: {x: 0, y: 0}
  m_FocalLength: 50
  m_NormalizedViewPortRect:
    serializedVersion: 2
    x: 0
    y: 0
    width: 1
    height: 1
  near clip plane: 0.3
  far clip plane: 1700
  field of view: 60
  orthographic: 0
  orthographic size: 5
  m_Depth: 0
  m_CullingMask:
    serializedVersion: 2
    m_Bits: 4294967295
  m_RenderingPath: 1
  m_TargetTexture: {fileID: 0}
  m_TargetDisplay: 0
  m_TargetEye: 3
  m_HDR: 1
  m_AllowMSAA: 0
  m_AllowDynamicResolution: 0
  m_ForceIntoRT: 0
  m_OcclusionCulling: 1
  m_StereoConvergence: 10
  m_StereoSeparation: 0.022
--- !u!81 &3937792496856685955
AudioListener:
  m_ObjectHideFlags: 0
  m_CorrespondingSourceObject: {fileID: 0}
  m_PrefabInstance: {fileID: 0}
  m_PrefabAsset: {fileID: 0}
  m_GameObject: {fileID: 3937792496856686015}
  m_Enabled: 1
--- !u!114 &3937792496856686013
MonoBehaviour:
  m_ObjectHideFlags: 0
  m_CorrespondingSourceObject: {fileID: 0}
  m_PrefabInstance: {fileID: 0}
  m_PrefabAsset: {fileID: 0}
  m_GameObject: {fileID: 3937792496856686015}
  m_Enabled: 1
  m_EditorHideFlags: 0
  m_Script: {fileID: 11500000, guid: 54415757aaddf4b8a9cd7122fd120cc6, type: 3}
  m_Name: 
  m_EditorClassIdentifier: 
  _preset: 999
  _quality: 0
  _profile: {fileID: 0}
  _syncWithProfile: 1
  _compareMode: 0
  _compareLineAngle: 1.4
  _compareLineWidth: 0.002
  _dither: 0.025
  _ditherDepth: 0
  _sharpenMinDepth: 0
  _sharpenMaxDepth: 0.999
  _sharpenMinMaxDepthFallOff: 0
  _sharpen: 2.19
  _sharpenDepthThreshold: 0.035
  _tintColor: {r: 0.29971266, g: 0, b: 1, a: 0}
  _sharpenRelaxation: 0.07
  _sharpenClamp: 0.45
  _sharpenMotionSensibility: 0.5
  _saturate: 2.31
  _contrast: 1.025
  _brightness: 1.66
  _daltonize: 0.33
  _hardLightIntensity: 0.5
  _hardLightBlend: 0
  _vignetting: 0
  _vignettingColor: {r: 0.3, g: 0.3, b: 0.3, a: 0.05}
  _vignettingFade: 0
  _vignettingCircularShape: 0
  _vignettingAspectRatio: 1
  _vignettingBlink: 0
  _vignettingBlinkStyle: 0
  _vignettingCenter: {x: 0.5, y: 0.5}
  _vignettingMask: {fileID: 0}
  _frame: 0
  _frameColor: {r: 1, g: 1, b: 1, a: 0.047}
  _frameMask: {fileID: 0}
  _lut: 1
  _lutIntensity: 0.035
  _lutTexture: {fileID: 2800000, guid: b8fc4d47ab82140b6add161a4d3ea695, type: 3}
  _nightVision: 0
  _nightVisionColor: {r: 0.5, g: 1, b: 0.5, a: 0.5}
  _outline: 0
  _outlineColor: {r: 0, g: 0, b: 0, a: 0.8}
  _outlineCustomize: 0
  _outlineStage: 0
  _outlineSpread: 1
  _outlineBlurPassCount: 1
  _outlineIntensityMultiplier: 1
  _thermalVision: 0
  _lensDirt: 0
  _lensDirtThreshold: 1
  _lensDirtIntensity: 0
  _lensDirtTexture: {fileID: 2800000, guid: 93092410bbc6f4ccba773578db5832d9, type: 3}
  _bloom: 1
  _bloomCullingMask:
    serializedVersion: 2
    m_Bits: 0
  _bloomLayerMaskDownsampling: 2.17
  _bloomIntensity: 0.11
  _bloomMaxBrightness: 1000
  _bloomBoost0: 0
  _bloomBoost1: 0
  _bloomBoost2: 0
  _bloomBoost3: 0
  _bloomBoost4: 0
  _bloomBoost5: 0
  _bloomAntiflicker: 0
  _bloomUltra: 0
  _bloomUltraResolution: 10
  _bloomThreshold: 2.65
  _bloomTint: {r: 1, g: 1, b: 1, a: 0}
  _bloomCustomize: 0
  _bloomDebug: 0
  _bloomWeight0: 0.5
  _bloomWeight1: 0.5
  _bloomWeight2: 0.5
  _bloomWeight3: 0.5
  _bloomWeight4: 0.5
  _bloomWeight5: 0.5
  _bloomBlur: 1
  _bloomQuickerBlur: 0
  _bloomDepthAtten: 0
  _bloomNearAtten: 0
  _bloomLayerZBias: 0.24
  _preRenderCameraEvent: 0
  _anamorphicFlares: 1
  _anamorphicFlaresCullingMask:
    serializedVersion: 2
    m_Bits: 0
  _anamorphicFlaresIntensity: 0
  _anamorphicFlaresAntiflicker: 1
  _anamorphicFlaresUltra: 0
  _anamorphicFlaresUltraResolution: 10
  _anamorphicFlaresThreshold: 1.17
  _anamorphicFlaresSpread: 1.32
  _anamorphicFlaresVertical: 0
  _anamorphicFlaresTint: {r: 0.5, g: 0.5, b: 1, a: 0}
  _anamorphicFlaresBlur: 1
  _depthOfField: 0
  _depthOfFieldTransparencySupport: 0
  _depthOfFieldTransparencyLayerMask:
    serializedVersion: 2
    m_Bits: 4294967295
  _depthOfFieldTargetFocus: {fileID: 0}
  _depthOfFieldDebug: 0
  _depthOfFieldAutofocus: 0
  _depthofFieldAutofocusViewportPoint: {x: 0.5, y: 0.5}
  _depthOfFieldAutofocusMinDistance: 0
  _depthOfFieldAutofocusDistanceShift: 0
  _depthOfFieldAutofocusMaxDistance: 10000
  _depthOfFieldAutofocusLayerMask:
    serializedVersion: 2
    m_Bits: 4294967295
  _depthOfFieldExclusionLayerMask:
    serializedVersion: 2
    m_Bits: 0
  _depthOfFieldExclusionLayerMaskDownsampling: 1
  _depthOfFieldTransparencySupportDownsampling: 1
  _depthOfFieldExclusionBias: 0.99
  _depthOfFieldDistance: 20.9
  _depthOfFieldFocusSpeed: 1
  _depthOfFieldDownsampling: 1
  _depthOfFieldMaxSamples: 4
  _depthOfFieldFocalLength: 0.5
  _depthOfFieldAperture: 2.8
  _depthOfFieldForegroundBlur: 1
  _depthOfFieldForegroundBlurHQ: 0
  _depthOfFieldForegroundBlurHQSpread: 16
  _depthOfFieldForegroundDistance: 0.25
  _depthOfFieldBokeh: 1
  _depthOfFieldBokehComposition: 0
  _depthOfFieldBokehThreshold: 1
  _depthOfFieldBokehIntensity: 2
  _depthOfFieldMaxBrightness: 1000
  _depthOfFieldMaxDistance: 1
  _depthOfFieldFilterMode: 1
  _eyeAdaptation: 0
  _eyeAdaptationMinExposure: 0.2
  _eyeAdaptationMaxExposure: 2
  _eyeAdaptationSpeedToLight: 1
  _eyeAdaptationSpeedToDark: 0.7
  _eyeAdaptationInEditor: 1
  _purkinje: 0
  _purkinjeAmount: 1
  _purkinjeLuminanceThreshold: 0.15
  _tonemap: 10
  _sunFlares: 1
  _sun: {fileID: 0}
  _sunFlaresLayerMask:
    serializedVersion: 2
    m_Bits: 4294967295
  _sunFlaresIntensity: 1
  _sunFlaresRevealSpeed: 0.5
  _sunFlaresHideSpeed: 1
  _sunFlaresSolarWindSpeed: 0.855
  _sunFlaresTint: {r: 1, g: 0.8924826, b: 0.6367924, a: 1}
  _sunFlaresDownsampling: 4
  _sunFlaresSunIntensity: 0.173
  _sunFlaresSunDiskSize: 0.106
  _sunFlaresSunRayDiffractionIntensity: 9.22
  _sunFlaresSunRayDiffractionThreshold: 0.536
  _sunFlaresCoronaRays1Length: 0.02
  _sunFlaresCoronaRays1Streaks: 12
  _sunFlaresCoronaRays1Spread: 0.001
  _sunFlaresCoronaRays1AngleOffset: 0
  _sunFlaresCoronaRays2Length: 0.05
  _sunFlaresCoronaRays2Streaks: 12
  _sunFlaresCoronaRays2Spread: 0.1
  _sunFlaresCoronaRays2AngleOffset: 0
  _sunFlaresGhosts1Size: 0.03
  _sunFlaresGhosts1Offset: 1.04
  _sunFlaresGhosts1Brightness: 0.037
  _sunFlaresGhosts2Size: 0.1
  _sunFlaresGhosts2Offset: 0.71
  _sunFlaresGhosts2Brightness: 0.03
  _sunFlaresGhosts3Size: 0.24
  _sunFlaresGhosts3Brightness: 0.025
  _sunFlaresGhosts3Offset: 0.31
  _sunFlaresGhosts4Size: 0.016
  _sunFlaresGhosts4Offset: 0
  _sunFlaresGhosts4Brightness: 0.017
  _sunFlaresHaloOffset: 0.22
  _sunFlaresHaloAmplitude: 15.1415
  _sunFlaresHaloIntensity: 0.01
  _sunFlaresRotationDeadZone: 1
  _blur: 0
  _blurIntensity: 1
  _downscale: 1
  _superSampling: 2
  _pixelateAmount: 1
  _pixelateDownscale: 0
  _antialiasStrength: 5
  _antialiasDepthThreshold: 0.001
  _chromaticAberration: 0
  _chromaticAberrationIntensity: 0
  _chromaticAberrationSmoothing: 0
  isDirty: 0
  bMat: {fileID: 0}
--- !u!114 &3937792496856686012
MonoBehaviour:
  m_ObjectHideFlags: 0
  m_CorrespondingSourceObject: {fileID: 0}
  m_PrefabInstance: {fileID: 0}
  m_PrefabAsset: {fileID: 0}
  m_GameObject: {fileID: 3937792496856686015}
  m_Enabled: 1
  m_EditorHideFlags: 0
  m_Script: {fileID: 11500000, guid: 6a879e317c20b0d41a9a56f1a97f4cf8, type: 3}
  m_Name: 
  m_EditorClassIdentifier: 
  ApplyMethod: 0
  SampleCount: 1
  PerPixelNormals: 1
  Intensity: 0.597
  Tint: {r: 0, g: 0, b: 0, a: 1}
  Radius: 10
  PowerExponent: 2
  Bias: 0.467
  Thickness: 0.631
  Downsample: 0
  CacheAware: 0
  FadeEnabled: 1
  FadeStart: 100
  FadeLength: 50
  FadeToIntensity: 0
  FadeToTint: {r: 0, g: 0, b: 0, a: 1}
  FadeToRadius: 1.91
  FadeToPowerExponent: 1
  FadeToThickness: 1
  BlurEnabled: 1
  BlurRadius: 3
  BlurPasses: 1
  BlurSharpness: 15
  FilterEnabled: 1
  FilterDownsample: 1
  FilterBlending: 0.8
  FilterResponse: 0.5
